<record><leader>00000cas a22000007a 4500</leader><controlfield tag="001">14690519</controlfield><controlfield tag="008">861108d19701981maumr ne      0    0eng d</controlfield><datafield ind1=" " ind2=" " tag="010"><subfield code="a">sn 94053360 </subfield></datafield><datafield ind1=" " ind2=" " tag="040"><subfield code="a">KFS</subfield><subfield code="b">eng</subfield><subfield code="c">KFS</subfield><subfield code="d">CNW</subfield><subfield code="d">EYM</subfield><subfield code="d">OCLCQ</subfield><subfield code="d">OCLCF</subfield><subfield code="d">OCLCO</subfield></datafield><datafield ind1=" " ind2=" " tag="012"><subfield code="i">9504</subfield></datafield><datafield ind1="1" ind2=" " tag="029"><subfield code="a">AU@</subfield><subfield code="b">000025876576</subfield></datafield><datafield ind1="0" ind2=" " tag="041"><subfield code="a">engpor</subfield></datafield><datafield ind1=" " ind2=" " tag="042"><subfield code="a">msc</subfield></datafield><datafield ind1=" " ind2=" " tag="043"><subfield code="a">n-us-ma</subfield></datafield><datafield ind1=" " ind2=" " tag="090"><subfield code="a">F75.P8</subfield><subfield code="b">F67</subfield></datafield><datafield ind1="0" ind2=" " tag="130"><subfield code="a">For the people (Fall River, Mass.)</subfield></datafield><datafield ind1="1" ind2="0" tag="245"><subfield code="a">For the people.</subfield></datafield><datafield ind1="3" ind2="1" tag="246"><subfield code="a">Pelo povo</subfield><subfield code="f">Feb. 1975-</subfield></datafield><datafield ind1=" " ind2=" " tag="260"><subfield code="a">[Fall River, Mass. ;</subfield><subfield code="a">New Bedford, Mass. :</subfield><subfield code="b">S.n.]</subfield></datafield><datafield ind1=" " ind2=" " tag="300"><subfield code="a">v. :</subfield><subfield code="b">ill. ;</subfield><subfield code="c">45 cm.</subfield></datafield><datafield ind1=" " ind2=" " tag="310"><subfield code="a">Monthly</subfield></datafield><datafield ind1="0" ind2=" " tag="362"><subfield code="a">July 4 issue, [1970] ; no. 2-</subfield></datafield><datafield ind1="1" ind2=" " tag="362"><subfield code="a">Ceased in 1981.</subfield></datafield><datafield ind1=" " ind2=" " tag="500"><subfield code="a">"To express new ideas and to record the experiences of the people, and then to spread these to the people."</subfield></datafield><datafield ind1=" " ind2=" " tag="515"><subfield code="a">Issues for Nov. 1970-&lt;June? 1971&gt; are unnumbered.</subfield></datafield><datafield ind1=" " ind2=" " tag="525"><subfield code="a">Contains: Portuguese section, Oct. 1973- which is separately titled: Pelo povo, Feb. 1975-</subfield></datafield><datafield ind1=" " ind2=" " tag="546"><subfield code="a">Text in English and Portuguese, Oct. 1973-</subfield></datafield><datafield ind1=" " ind2=" " tag="588"><subfield code="a">Latest issue consulted: Issue 75 (Jan./Feb. 1980).</subfield></datafield><datafield ind1=" " ind2="0" tag="650"><subfield code="a">Working class</subfield><subfield code="z">Massachusetts</subfield><subfield code="v">Newspapers.</subfield></datafield><datafield ind1=" " ind2="0" tag="650"><subfield code="a">Civil rights</subfield><subfield code="v">Newspapers.</subfield></datafield><datafield ind1=" " ind2="0" tag="650"><subfield code="a">Portuguese Americans</subfield><subfield code="z">Massachusetts</subfield><subfield code="x">Social conditions</subfield><subfield code="v">Newspapers.</subfield></datafield><datafield ind1=" " ind2="0" tag="651"><subfield code="a">Fall River (Mass.)</subfield><subfield code="v">Newspapers.</subfield></datafield><datafield ind1=" " ind2="0" tag="651"><subfield code="a">New Bedford (Mass.)</subfield><subfield code="v">Newspapers.</subfield></datafield><datafield ind1=" " ind2="7" tag="655"><subfield code="a">Newspapers.</subfield><subfield code="2">fast</subfield><subfield code="0">(OCoLC)fst01423814</subfield></datafield><datafield ind1=" " ind2="7" tag="650"><subfield code="a">Civil rights.</subfield><subfield code="2">fast</subfield><subfield code="0">(OCoLC)fst00862627</subfield></datafield><datafield ind1=" " ind2="7" tag="650"><subfield code="a">Portuguese Americans</subfield><subfield code="x">Social conditions.</subfield><subfield code="2">fast</subfield><subfield code="0">(OCoLC)fst01072425</subfield></datafield><datafield ind1=" " ind2="7" tag="650"><subfield code="a">Working class.</subfield><subfield code="2">fast</subfield><subfield code="0">(OCoLC)fst01180418</subfield></datafield><datafield ind1=" " ind2="7" tag="651"><subfield code="a">Massachusetts.</subfield><subfield code="2">fast</subfield><subfield code="0">(OCoLC)fst01204307</subfield></datafield><datafield ind1=" " ind2="7" tag="651"><subfield code="a">Massachusetts</subfield><subfield code="z">Fall River.</subfield><subfield code="2">fast</subfield><subfield code="0">(OCoLC)fst01210319</subfield></datafield><datafield ind1=" " ind2="7" tag="651"><subfield code="a">Massachusetts</subfield><subfield code="z">New Bedford.</subfield><subfield code="2">fast</subfield><subfield code="0">(OCoLC)fst01207803</subfield></datafield><datafield ind1=" " ind2=" " tag="850"><subfield code="a">MiU</subfield></datafield></record>